@Misc{flow123d,
author =   {B{\v r}ezina, Jan and Stebel, Jan and Exner, Pavel and Hyb{\v s}, Jan},
title =    {Flow123d},
howpublished = {\url{http://flow123d.github.com}},
year = {2011--2015}
}

@article{armadillo_2016,
	title = {Armadillo: a template-based {C}++ library for linear algebra},
	volume = {1},
	shorttitle = {Armadillo},
	COMMENTurl = {http://joss.theoj.org/papers/10.21105/joss.00026},
	doi = {10.21105/joss.00026},
	number = {2},
	urldate = {2016-09-30},
	journal = {The Journal of Open Source Software},
	author = {Sanderson, Conrad and Curtin, Ryan},
	month = jun,
	year = {2016}
}

@Misc{gtslib,
title =    {GTS, GNU Triangulated Surface Library, software package.},
howpublished = {\url{http://gts.sourceforge.net/.}},
}


@Incollection{Dolphin,
    author={Logg, Anders and Wells, Garth N. and Hake, Johan},
    COMMENTeditor={Logg, Anders and Mardal, Kent-Andre and Wells, Garth},
    title={DOLFIN: a C++/Python finite element library},
    bookTitle={Automated Solution of Differential Equations by the Finite Element Method: The FEniCS Book},
    year={2012},
    publisher={Springer Berlin Heidelberg},
    address={Berlin, Heidelberg},
    pages={173--225},
    isbn={978-3-642-23099-8},
    doi={10.1007/978-3-642-23099-8_10},
    COMMENTurl={http://dx.doi.org/10.1007/978-3-642-23099-8_10}
}
    
@article{platis_fast_2003,
        title = {Fast Ray-Tetrahedron Intersection Using Plucker Coordinates},
        volume = {8},
        COMMENTurl = {http://www.tandfonline.com/doi/abs/10.1080/10867651.2003.10487593},
        pages = {37--48},
        number = {4},
        journal = {Journal of graphics tools},
        author = {Platis, Nikos and Theoharis, Theoharis},
        urldate = {2016-09-16},
        year = {2003},
        doi = {10.1080/10867651.2003.10487593}
}

@article{sukumar_extended_2000,
	title = {Extended finite element method for three-dimensional crack modelling},
	volume = {48},
	issn = {0029-5981, 1097-0207},
	COMMENTurl = {http://doi.wiley.com/10.1002/1097-0207%2820000820%2948%3A11%3C1549%3A%3AAID-NME955%3E3.0.CO%3B2-A},
	doi = {10.1002/1097-0207(20000820)48:11<1549::AID-NME955>3.0.CO;2-A},
	pages = {1549--1570},
	number = {11},
	journal = {International Journal for Numerical Methods in Engineering},
	author = {Sukumar, N. and Mo�s, N. and Moran, B. and Belytschko, T.},
	urldate = {2016-02-14},
	date = {2000-08-20},
	year = {2000},
	langid = {english}
}


@article{massing_efficient_2013,
	title = {Efficient Implementation of Finite Element Methods on Nonmatching and Overlapping Meshes in Three Dimensions},
	volume = {35},
	issn = {1064-8275, 1095-7197},
	COMMENTurl = {http://epubs.siam.org/doi/abs/10.1137/11085949X},
	doi = {10.1137/11085949X},
	pages = {C23--C47},
	number = {1},
	journal = {{SIAM} Journal on Scientific Computing},
	author = {Massing, André and Larson, Mats G. and Logg, Anders},
	urldate = {2016-02-14},
	date = {2013-01},
	year = {2013},
	langid = {english}
}

@article{elsheikh_reliable_2012,
	title = {A reliable triangular mesh intersection algorithm and its application in geological modelling},
	volume = {30},
	issn = {0177-0667, 1435-5663},
	COMMENTurl = {http://link.springer.com/article/10.1007/s00366-012-0297-3},
	doi = {10.1007/s00366-012-0297-3},
	pages = {143--157},
	number = {1},
	journal = {Engineering with Computers},
	shortjournal = {Engineering with Computers},
	author = {Elsheikh, Ahmed H. and Elsheikh, Mustafa},
	urldate = {2016-02-14},
	date = {2012-11-07},
	year = {2012},
	langid = {english},
	keywords = {Appl.Mathematics/Computational Methods of Engineering, Calculus of Variations and Optimal Control; Optimization, Computer-Aided Engineering ({CAD}, {CAE}) and Design, Geological modelling, Math. Applications in Chemistry, Mechanics, Surface mesh intersection, Systems Theory, Control, Triangle-edge data structure}
}

@online{_efficient_????,
	title = {An Efficient Rejection Test for Ray/Triangle Mesh Intersection--《Journal of Software》2003年10期},
	COMMENTurl = {http://en.cnki.com.cn/Article_en/CJFDTOTAL-RJXB200310015.htm},
	urldate = {2016-02-14}
}

@article{gander_algorithm_2013,
	title = {Algorithm 932: {PANG}: Software for nonmatching grid projections in 2D and 3D with linear complexity},
	volume = {40},
	issn = {00983500},
	COMMENTurl = {http://dl.acm.org/citation.cfm?doid=2513109.2513115},
	doi = {10.1145/2513109.2513115},
	shorttitle = {Algorithm 932},
	pages = {1--25},
	number = {1},
	journal = {{ACM} Transactions on Mathematical Software},
	author = {Gander, Martin J. and Japhet, Caroline},
	urldate = {2016-09-14},
	date = {2013-09-01},
	year = {2013},
	langid = {english},
	file = {a6-gander.pdf:/home/jb/.mozilla/firefox/utsq2ou9.default/zotero/storage/75D462FU/a6-gander.pdf:application/pdf}
}

@article{pichot_mixed_2010,
	title = {A mixed hybrid mortar method for solving flow in discrete fracture networks},
	volume = {89},
	COMMENTurl = {http://www.tandfonline.com/doi/abs/10.1080/00036811.2010.495333},
	pages = {1629--1643},
	number = {10},
	journal = {Applicable Analysis},
	author = {Pichot, Géraldine and Erhel, Jocelyne and De Dreuzy, Jean-Raynald},
	urldate = {2016-09-14},
	year = {2010},
	file = {applicable-analysis-2010.pdf:/home/jb/.mozilla/firefox/utsq2ou9.default/zotero/storage/EPM3G2VH/applicable-analysis-2010.pdf:application/pdf}
}

@article{boon_robust_2016,
	title = {Robust Discretization of Flow in Fractured Porous Media},
	COMMENTurl = {http://arxiv.org/abs/1601.06977},
	journal = {{arXiv} preprint {arXiv}:1601.06977},
	author = {Boon, Wietse M. and Nordbotten, Jan M.},
	urldate = {2016-09-14},
	year = {2016},
	file = {Boon, Nordbotten,2016 Robust dicretization.pdf:/home/jb/.mozilla/firefox/utsq2ou9.default/zotero/storage/Q4AC364W/Boon, Nordbotten,2016 Robust dicretization.pdf:application/pdf}
}


@Incollection{bournival_mesh-geometry_2008,
author={Bournival, Sylvain and Cuilli{\`e}re, Jean-Christophe and Fran{\c{c}}ois, Vincent},
COMMENTeditor="Garimella, Rao V.",
title="A Mesh-Geometry Based Approach for Mixed-Dimensional Analysis",
bookTitle="Proceedings of the 17th International Meshing Roundtable",
year="2008",
publisher="Springer Berlin Heidelberg",
address="Berlin, Heidelberg",
pages="299--313",
isbn="978-3-540-87921-3",
doi="10.1007/978-3-540-87921-3_18",
COMMENTurl="http://dx.doi.org/10.1007/978-3-540-87921-3_18"
}


@article{reichenberger_mixed-dimensional_2006,
	title = {A mixed-dimensional finite volume method for two-phase flow in fractured porous media},
	volume = {29},
	COMMENTurl = {http://www.sciencedirect.com/science/article/pii/S0309170805002150},
	pages = {1020--1036},
	number = {7},
	journal = {Advances in Water Resources},
	author = {Reichenberger, Volker and Jakobs, Hartmut and Bastian, Peter and Helmig, Rainer},
	urldate = {2016-09-14},
	year = {2006},
	file = {Reichenberger, Jakobs, Bastian, Helming mixed-dimensions.pdf:/home/jb/.mozilla/firefox/utsq2ou9.default/zotero/storage/FZAV9RZK/Reichenberger, Jakobs, Bastian, Helming mixed-dimensions.pdf:application/pdf}
}

@misc{sladkova_bakalarka,
	title = {Bakalářská práce:  Integration of piecewise polynomial functions on non-matching grids},
	author = {Sládková, Kateřina and Dolejší, Vít},
	file = {BPTX_2011_1__0_283553_0_115000.pdf:/home/jb/.mozilla/firefox/utsq2ou9.default/zotero/storage/9VMXV8G4/BPTX_2011_1__0_283553_0_115000.pdf:application/pdf}
}

@incollection{gander_algorithm_2009,
	title = {An Algorithm for Non-Matching Grid Projections with Linear Complexity},
	rights = {©2009 Springer-Verlag Berlin Heidelberg},
	isbn = {978-3-642-02676-8 978-3-642-02677-5},
	COMMENTurl = {http://link.springer.com/chapter/10.1007/978-3-642-02677-5_19},
	series = {Lecture Notes in Computational Science and Engineering},
	pages = {185--192},
	number = {70},
	booktitle = {Domain Decomposition Methods in Science and Engineering {XVIII}},
	publisher = {Springer Berlin Heidelberg},
	author = {Gander, Martin J. and Japhet, Caroline},
	editor = {Bercovier, Michel and Gander, Martin J. and Kornhuber, Ralf and Widlund, Olof},
	urldate = {2016-09-14},
	year = {2009},
	langid = {english},
	note = {{DOI}: 10.1007/978-3-642-02677-5\_19},
	keywords = {Computational Mathematics and Numerical Analysis, Computational Science and Engineering, Mathematical Modeling and Industrial Mathematics, Mathematics of Computing, Numerical and Computational Physics},
}

@article{pichot_generalized_2012,
	title = {A generalized mixed hybrid mortar method for solving flow in stochastic discrete fracture networks},
	volume = {34},
	COMMENTurl = {http://epubs.siam.org/doi/abs/10.1137/100804383},
	pages = {B86--B105},
	number = {1},
	journal = {{SIAM} Journal on scientific computing},
	author = {Pichot, Géraldine and Erhel, Jocelyne and de Dreuzy, J.-R.},
	urldate = {2016-09-14},
	year = {2012},
	file = {sisc-online-2012.PDF:/home/jb/.mozilla/firefox/utsq2ou9.default/zotero/storage/MGANXSKT/sisc-online-2012.PDF:application/pdf}
}

@article{flemisch_non-matching_2012,
	title = {Non-Matching Grids for a Flexible Discretization in Computational Acoustics},
	volume = {11},
	issn = {1815-2406, 1991-7120},
	COMMENTurl = {http://www.journals.cambridge.org/abstract_S1815240600002292},
	doi = {10.4208/cicp.141209.280810s},
	pages = {472--488},
	number = {2},
	journal = {Communications in Computational Physics},
	author = {Flemisch, Bernd and Kaltenbacher, Manfred and Triebenbacher, Simon and Wohlmuth, Barbara},
	urldate = {2016-09-14},
	date = {2012-02},
	year = {2012},
	langid = {english},
}

@patent{mustapha_hybrid_2014,
	title = {Hybrid local nonmatching method for multiphase flow simulations in heterogeneous fractured media},
	COMMENTurl = {http://www.google.com/patents/US20140046636},
	number = {{US}20140046636 A1},
	holder = {Mustapha, Hussein},
	urldate = {2016-09-14},
	date = {2014-02-13},
	year = {2014},
	note = {U.S. Classification 703/2, 703/10; International Classification G06F17/50; Cooperative Classification G01V2210/646, E21B43/26, G01V1/30, E21B41/00, G01V1/301, G06F17/5018},
}

@article{mittal_immersed_2005,
        title = {{IMMERSED} {BOUNDARY} {METHODS}},
        volume = {37},
        issn = {0066-4189, 1545-4479},
        COMMENTurl = {http://www.annualreviews.org/doi/abs/10.1146/annurev.fluid.37.061903.175743},
        doi = {10.1146/annurev.fluid.37.061903.175743},
        pages = {239--261},
        number = {1},
        journal = {Annual Review of Fluid Mechanics},
        author = {Mittal, Rajat and Iaccarino, Gianluca},
        urldate = {2016-06-01},
        date = {2005-01},
        year = {2005},
        langid = {english}
}

@inproceedings{owen_survey_1998,
        title = {A Survey of Unstructured Mesh Generation Technology.},
        COMMENTurl = {http://ima.udg.edu/~sellares/ComGeo/OwenSurv.pdf},
        pages = {239--267},
        booktitle = {{IMR}},
        author = {Owen, Steven J.},
        urldate = {2016-05-23},
        year = {1998}
}

@article{kuznetsov_overlapping_1998,
	title = {Overlapping domain decomposition with non-matching grids},
	volume = {6},
	COMMENTurl = {http://emis.ams.org/proceedings/DDM/DD9/Kuznetsov.ps.gz},
	pages = {299--308},
	journal = {{EAST} {WEST} {JOURNAL} {OF} {NUMERICAL} {MATHEMATICS}},
	author = {Kuznetsov, Yuri A.},
	urldate = {2016-09-14},
	year = {1998}
}

@article{trefry_feflow:_2007,
        title = {{FEFLOW}: A Finite-Element Ground Water Flow and Transport Modeling Tool},
        volume = {45},
        issn = {1745-6584},
        COMMENTurl = {http://onlinelibrary.wiley.com/doi/10.1111/j.1745-6584.2007.00358.x/abstract},
        doi = {10.1111/j.1745-6584.2007.00358.x},
        shorttitle = {{FEFLOW}},
        pages = {525--528},
        number = {5},
        journal = {Ground Water},
        author = {Trefry, Mike G. and Muffels, Chris},
        urldate = {2016-09-28},
        date = {2007-09-01},
        year = {2007},
        langid = {english},
}

@article{belgacem_mortar_1999,
        title = {The Mortar finite element method with Lagrange multipliers},
        volume = {84},
        issn = {0029-599X, 0945-3245},
        COMMENTurl = {http://link.springer.com/article/10.1007/s002110050468},
        doi = {10.1007/s002110050468},
        pages = {173--197},
        number = {2},
        journal = {Numerische Mathematik},
        shortjournal = {Numer. Math.},
        author = {Belgacem, Faker Ben},
        urldate = {2016-09-28},
        year = {1999},
        langid = {english},
        file = {Full Text PDF:/home/jb/Knihovna/zotero/storage/6UHWCJTX/Belgacem - The Mortar finite element method with Lagrange mul.pdf:application/pdf;Snapshot:/home/jb/Knihovna/zotero/storage/Z9RKBHVH/s002110050468.html:text/html}
}

@article{brezzi_analysis_2001,
        title = {Analysis of a Chimera method},
        volume = {332},
        issn = {0764-4442},
        COMMENTurl = {http://www.sciencedirect.com/science/article/pii/S0764444201019048},
        doi = {10.1016/S0764-4442(01)01904-8},
        pages = {655--660},
        number = {7},
        journal = {Comptes Rendus de l'Académie des Sciences - Series I - Mathematics},
        shortjournal = {Comptes Rendus de l'Académie des Sciences - Series I - Mathematics},
        author = {Brezzi, Franco and Lions, Jacques-Louis and Pironneau, Olivier},
        urldate = {2016-09-28},
        date = {2001-04-01},
        year = {2001}
}


@article{shewchuk_adaptive_1997,
author="Richard Shewchuk, Jonathan",
title="Adaptive Precision Floating-Point Arithmetic and Fast Robust Geometric Predicates ",
journal="Discrete {\&} Computational Geometry",
year="1997",
volume="18",
number="3",
pages="305--363",
issn="1432-0444",
doi="10.1007/PL00009321",
COMMENTurl="http://dx.doi.org/10.1007/PL00009321"
}


@article{haines_fast_1991,
        title = {Fast ray-convex polyhedron intersection},
        COMMENTurl = {http://scholar.google.com/scholar?cluster=9922364721036951322&hl=en&oi=scholarr},
        pages = {247--250},
        journal = {Graphics Gems {II}, Academic Press, San Diego},
        author = {Haines, Eric},
        urldate = {2016-09-16},
        year = {1991},
}


@article{moller_fast_1997,
        title = {Fast, Minimum Storage Ray-triangle Intersection},
        volume = {2},
        issn = {1086-7651},
        doi = {10.1080/10867651.1997.10487468},
        pages = {21--28},
        number = {1},
        volume = {2},
        journal = {J. Graph. Tools},
        author = {Möller, Tomas and Trumbore, Ben},
        urldate = {2016-10-01},
        year = {1997}
}

@incollection{brezina_analysis_2015,
        title = {Analysis of Model Error for a Continuum-Fracture Model of Porous Media Flow},
        isbn = {978-3-319-40360-1 978-3-319-40361-8},
        COMMENTurl = {http://link.springer.com/chapter/10.1007/978-3-319-40361-8_11},
        series = {Lecture Notes in Computer Science},
        pages = {152--160},
        number = {9611},
        booktitle = {High Performance Computing in Science and Engineering},
        publisher = {Springer International Publishing},
        author = {B{\v r}ezina, Jan and Stebel, Jan},
        COMMENTeditor = {Kozubek, Tomáš and Blaheta, Radim and Šístek, Jakub and Rozložník, Miroslav and Čermák, Martin},
        urldate = {2016-06-03},
        date = {2015-05-25},
        year = {2015},
        langid = {english},
        COMMENTnote = {{doi}: 10.1007/978-3-319-40361-8\_11},
        doi = {10.1007/978-3-319-40361-8\_11},
        keywords = {Artificial Intelligence (incl. Robotics), Complexity, Computational Mathematics and Numerical Analysis, Darcy flow, Error estimate, Fractured media, Mathematics of Computing, Reduced model, Software Engineering/Programming and Operating Systems}
}


@article{martin_modeling_2005,
        title = {Modeling Fractures and Barriers as Interfaces for Flow in Porous Media},
        volume = {26},
        issn = {10648275},
        COMMENTurl = {http://link.aip.org/link/SJOCE3/v26/i5/p1667/s1&Agg=doi},
        doi = {10.1137/S1064827503429363},
        pages = {1667},
        number = {5},
        journal = {{SIAM} Journal on Scientific Computing},
        author = {Martin, Vincent and Jaffré, Jéro\{{\textbackslash}textasciicircum\}me and Roberts, Jean E.},
        urldate = {2012-04-18},
        year = {2005},
        file = {MARTIN, JAFFRE, ROBERTS (2005) MODELING FRACTURES AND BARRIERS AS INTERFACES FOR FLOW IN POROUS MEDIA.pdf:/home/jb/Knihovna/Papers - new/Physics/Fracture flow and transport/MARTIN, JAFFRE, ROBERTS (2005) MODELING FRACTURES AND BARRIERS AS INTERFACES FOR FLOW IN POROUS MEDIA.pdf:application/pdf}
}


@article{fumagalli_numerical_2011,
        title = {Numerical modelling of multiphase subsurface ﬂow in the presence of fractures},
        volume = {3},
        issn = {2038-0909},
        COMMENTurl = {http://openjournal.simai.eu/index.php/caim/article/view/380},
        doi = {10.1685/journal.caim.380},
        number = {1},
        journal = {Communications in Applied and Industrial Mathematics},
        author = {Fumagalli, Alessio and Scotti, Anna},
        urldate = {2014-12-15},
        date = {2011-12-29},
        year = {2011},
        langid = {english},
        file = {Full Text PDF:/home/jb/Knihovna/zotero/storage/MISDUWW5/Fumagalli and Scotti - 2011 - Numerical modelling of multiphase subsurface ﬂow i.pdf:application/pdf;Snapshot:/home/jb/Knihovna/zotero/storage/35ZJTN57/380.html:text/html}
}


@inproceedings{fortune_stable_1989,
        location = {Washington, {DC}, {USA}},
        title = {Stable Maintenance of Point Set Triangulations in Two Dimensions},
        isbn = {978-0-8186-1982-3},
        COMMENTurl = {http://dx.doi.org/10.1109/SFCS.1989.63524},
        doi = {10.1109/SFCS.1989.63524},
        series = {{SFCS} '89},
        pages = {494--499},
        booktitle = {Proceedings of the 30th Annual Symposium on Foundations of Computer Science},
        publisher = {{IEEE} Computer Society},
        author = {Fortune, S.},
        urldate = {2016-09-29},
        year = {1989},
        keywords = {epsilon arithmetic, geometric problems, line arrangements, plane, point set triangulations, stability, stable algorithms, two-dimensional convex hulls}
}


@article{zhi-yuan_efficient_2003,
        title = {An Efficient Rejection Test for Ray/Triangle Mesh Intersection},
        volume = {14},
        issn = {1000-9825},
        COMMENTurl = {https://www.researchgate.net/publication/242703914_An_Efficient_Rejection_Test_for_RayTriangle_Mesh_Intersection},
        number = {10},
        journal = {{ResearchGate}},
        author = {Zhi-Yuan, X. U. and Ze-Sheng, Tang and Long, Tang},
        urldate = {2016-09-28},
        date = {2003-10-01},
        year = {2003},
}


@book{knuth_art_1998,
        location = {Redwood City, {CA}, {USA}},
        title = {The Art of Computer Programming, Volume 3: (2Nd Ed.) Sorting and Searching},
        isbn = {978-0-201-89685-5},
        shorttitle = {The Art of Computer Programming, Volume 3},
        publisher = {Addison Wesley Longman Publishing Co., Inc.},
        author = {Knuth, Donald E.},
        year = {1998}
}


@inproceedings{plimpton_parallel_1998,
        location = {Washington, {DC}, {USA}},
        title = {A Parallel Rendezvous Algorithm for Interpolation Between Multiple Grids},
        isbn = {978-0-89791-984-5},
        COMMENTurl = {http://dl.acm.org/citation.cfm?id=509058.509110},
        series = {{SC} '98},
        pages = {1--8},
        booktitle = {Proceedings of the 1998 {ACM}/{IEEE} Conference on Supercomputing},
        publisher = {{IEEE} Computer Society},
        author = {Plimpton, Steve and Hendrickson, Bruce and Stewart, James},
        urldate = {2016-09-30},
        year = {1998},
        keywords = {grid transfer, load-balancing, multigrid, multi-physics, parallel computing}
}


@article{fries_extended/generalized_2010,
        title = {The extended/generalized finite element method: An overview of the method and its applications},
        volume = {84},
        issn = {1097-0207},
        COMMENTurl = {http://onlinelibrary.wiley.com/doi/10.1002/nme.2914/abstract},
        doi = {10.1002/nme.2914},
        shorttitle = {The extended/generalized finite element method},
        pages = {253--304},
        number = {3},
        journal = {International Journal for Numerical Methods in Engineering},
        shortjournal = {Int. J. Numer. Meth. Engng.},
        author = {Fries, Thomas-Peter and Belytschko, Ted},
        urldate = {2016-09-30},
        date = {2010-10-15},
        year = {2010},
        langid = {english},
        keywords = {Extended finite element method, generalized finite element method, {GFEM}, partition of unity method, {PUM}, review, {XFEM}},
}



@incollection{bastian_towards_2005,
        title = {Towards a Unified Framework for Scientific Computing},
        COMMENTrights = {©2005 Springer-Verlag Berlin Heidelberg},
        isbn = {978-3-540-22523-2 978-3-540-26825-3},
        COMMENTurl = {http://link.springer.com/chapter/10.1007/3-540-26825-1_13},
        series = {Lecture Notes in Computational Science and Engineering},
        pages = {167--174},
        number = {40},
        booktitle = {Domain Decomposition Methods in Science and Engineering},
        publisher = {Springer Berlin Heidelberg},
        author = {Bastian, Peter and Droske, Mark and Engwer, Christian and Klöfkorn, Robert and Neubauer, Thimo and Ohlberger, Mario and Rumpf, Martin},
        urldate = {2016-09-30},
        year = {2005},
        langid = {english},
        doi = {10.1007/3-540-26825-1\_13},
        keywords = {Computational Mathematics and Numerical Analysis, Computational Science and Engineering, Mathematics of Computing, Numerical Analysis, Numerical and Computational Physics, Processor Architectures},
}



@article{guttman_r-trees:_1984,
 author = {Guttman, Antonin},
 title = {R-trees: A Dynamic Index Structure for Spatial Searching},
 journal = {SIGMOD Rec.},
 issue_date = {June 1984},
 volume = {14},
 number = {2},
 month = jun,
 year = {1984},
 issn = {0163-5808},
 pages = {47--57},
 numpages = {11},
 COMMENTurl = {http://doi.acm.org/10.1145/971697.602266},
 doi = {10.1145/971697.602266},
 acmid = {602266},
 publisher = {ACM},
 address = {New York, NY, USA},
}


@inproceedings{nam_comparative_2004,
        location = {Washington, {DC}, {USA}},
        title = {A Comparative Study of Spatial Indexing Techniques for Multidimensional Scientific Datasets},
        isbn = {978-0-7695-2146-6},
        COMMENTurl = {http://dx.doi.org/10.1109/SSDBM.2004.1},
        doi = {10.1109/SSDBM.2004.1},
        series = {{SSDBM} '04},
        pages = {171--},
        booktitle = {Proceedings of the 16th International Conference on Scientific and Statistical Database Management},
        publisher = {{IEEE} Computer Society},
        author = {Nam, Beomseok and Sussman, Alan},
        urldate = {2016-09-30},
        year = {2004}
}



@inproceedings{EGWR:EGSR06:139-149,
 author = {W\"{a}chter, Carsten and Keller, Alexander},
 title = {Instant Ray Tracing: The Bounding Interval Hierarchy},
 booktitle = {Proceedings of the 17th Eurographics Conference on Rendering Techniques},
 series = {EGSR '06},
 year = {2006},
 isbn = {3-905673-35-5},
 location = {Nicosia, Cyprus},
 pages = {139--149},
 numpages = {11},
 COMMENTurl = {http://dx.doi.org/10.2312/EGWR/EGSR06/139-149},
 doi = {10.2312/EGWR/EGSR06/139-149},
 acmid = {2383912},
 publisher = {Eurographics Association},
 address = {Aire-la-Ville, Switzerland, Switzerland},
}